
@book{introDBsys,
	author    = {К. Дж. Дейт},
	title     = {Введение в системы баз данных, 8-е издание.: Пер. с англ},
	publisher = {Издательский
	дом "Вильяме"},
	year      = {2005},
	address   = {Москва},
	pages     = {1328}
}

@book{tretyakovgallery,
	title="Третьяковская галерея — главный музей национального искусства России [Электронный ресурс]",
	url="Режим доступа: \url{https://www.tretyakovgallery.ru/?lang=ru} (дата обращения: 02.03.2025)"
}

@book{pushkinmuseum,
	title="Пушкинский музей [Электронный ресурс]",
	url="Режим доступа: \url{https://www.pushkinmuseum.art/} (дата обращения: 02.03.2025)"
}

@book{hermitagemuseum,
	title="Государственный Эрмитаж [Электронный ресурс]",
	url="Режим доступа: \url{https://www.hermitagemuseum.org/#} (дата обращения: 02.03.2025)"
}

@book{louvre,
	title="Musée du Louvre Official Website [Электронный ресурс]",
	url="Режим доступа: \url{https://www.louvre.fr/en} (дата обращения: 02.03.2025)"
}

@book{postgres,
	title="PostgreSQL: Documentation: 17: PostgreSQL 17.5 Documentation",
	url="Режим доступа: \url{https://www.postgresql.org/docs/current/} (дата обращения: 11.05.2025)"
}

@book{golang,
	title="The Go Programming Language",
	url="Режим доступа: \url{https://go.dev/} (дата обращения: 11.05.2025)"
}

@book{squirrel,
	title="squirrel package - github.com/Masterminds/squirrel - Go Packages",
	url="Режим доступа: \url{https://pkg.go.dev/github.com/Masterminds/squirrel} (дата обращения: 11.05.2025)"
}
@book{testify,
	title="testify package - github.com/stretchr/testify - Go Packages",
	url="Режим доступа: \url{https://pkg.go.dev/github.com/stretchr/testify} (дата обращения: 11.05.2025)"
}
@book{docker,
	title="Docker: Accelerated Container Application Development",
	url="Режим доступа: \url{https://www.docker.com/} (дата обращения: 11.05.2025)"
}
@book{testing,
	title="testing package - testing - Go Packages",
	url="Режим доступа: \url{https://pkg.go.dev/testing} (дата обращения: 11.05.2025)"
}



%------------------------------

%@book{FIDE2015,
%	author    = {Техническая комиссия ФИДЕ},
%	title     = {Стандарты шахматного оборудования и игровых площадок, предназначенных для проведения турниров ФИДЕ. Положение о тай-брейках},
%	year      = {2015},
%	url = "Режим доступа: \url{https://ruchess.ru/upload/iblock/8d7/8d7dfc75a3c874ab01612272fe6c5964.pdf} (дата обращения: 01.12.2024)"
%}


@book{cpp,
	title="Standard C++ [Электронный ресурс]",
	url="Режим доступа: \url{https://isocpp.org/} (дата обращения: 01.12.2024)"
}


@book{boreskovOsnovy,
	author    = {Боресков, А. В. and Шикин, Е. В.},
	title     = {Основы компьютерной графики : учебник и практикум для вузов},
	publisher = {Издательство Юрайт},
	year      = {2024},
	address   = {Москва},
	pages     = {219},
	note      = {Текст : непосредственный.},
	isbn      = {978-5-534-13196-3},
	series    = {Высшее образование}
}




% ++++ Трехмерная компьютерная графика. Иванов В. П., Батраков А.С..pdf

@misc{matplotlib-lib,
	title="Matplotlib 3.9.2 documentation [Электронный ресурс]",
	howpublished="Режим доступа: \url{https://matplotlib.org/stable/index.html}",
	note="(дата обращения: 30.09.2024)"
}



